@article{LeCun,
	author = "Yann LeCun and Yoshua Bengio and Geoffrey Hinton",
	year = "2015",
	title = "Deep Learning",
	journal = "Nature",
	volume = "521",
	page = "436-444"
}

@article{Gonz14,
	author = {González \hyphen Rivero, Manuel and Bongaerts, Pim and Beijbom, Oscar and Pizarro, Oscar and Friedman, Ariell and Rodriguez‐Ramirez, Alberto and Upcroft, Ben and Laffoley, Dan and Kline, David and Bailhache, Christophe and Vevers, Richard and Hoegh‐Guldberg, Ove},
	year = {2014},
	title = {The Catlin Seaview Survey \hyphen kilometre \hyphen scale seascape assessment, and monitoring of coral reef ecosystems},
	journal = {Aquatic Conservation: Marine and Freshwater Ecosystems},
	volume = {24},
	page = {184-198}
}

@article{Gonz16,
	author = "Manuel González \hyphen Rivero and Oscar Beijbom and Alberto Rodriguez \hyphen Ramirez and Tadzio Holtrop and Yeray González-Marrero and Anjani Ganase and Chris Roelfsema and Stuart Phinn and Ove Hoegh-Guldberg",
	year = "2016",
	title = "Scaling up ecological measurements of coral reefs using semi-automated field image collection and analysis",
	journal = "Remote Sensing",
	volume = "8",
	url = "http://www.mdpi.com/2072-4292/8/1/30"
}

@inproceedings{mahmood16,
	author = "A. Mahmood and M. Bennamoun and S. An and F. Sohel and F. Boussaid and R. Hovey and G. Kendrick and R. B. Fisher",
	booktitle = "OCEANS 2016 MTS/IEEE Monterey",
	title = "Automatic annotation of coral reefs using deep learning",
	year = "2016",
	pages = "1-5",
	month = "Sept"
}

@article{Emslie2008,
	author = {Emslie, Michael and J. Cheal, A and Sweatman, H and Delean, Steven},
	year = {2008},
	month = {11},
	pages = {177-190},
	title = {Recovery from disturbance of coral and reef fish communities on the Great Barrier Reef, Australia},
	volume = {371},
	booktitle = {Marine Ecology Progress Series}
}

@article{Beijbom2015,
	author = {O. Beijbom and Peter J. Edmunds and C. Roelfsema and J. Smith and David I. Kline and Benjamin P. Neal and
						Matthew J. Dunlap and V. Moriarty and Tung-Yung Fan and Chih-Jui Tan and S. Chan and T. Treibitz and
						A. Gamst and B. Greg Mitchell, D. Kriegman},
	year = {2015},
	title = {Towards Automated Annotation of Benthic Survey Images: Variability of Human Experts and Operational Modes of Automation},

}

@Manual{R,
    title = {R: A Language and Environment for Statistical Computing},
    author = {{R Core Team}},
    organization = {R Foundation for Statistical Computing},
    address = {Vienna, Austria},
    year = {2013},
    url = {http://www.R-project.org/},
  }

	@Manual{rmarkdown,
    title = {rmarkdown: Dynamic Documents for R},
    author = {JJ Allaire and Joe Cheng and Yihui Xie and Jonathan McPherson and Winston Chang and Jeff Allen and Hadley Wickham and Aron Atkins and Rob Hyndman and Ruben Arslan},
    year = {2017},
    note = {R package version 1.6},
    url = {https://CRAN.R-project.org/package=rmarkdown},
  }

	@Manual{leaflet,
	title = {leaflet: Create Interactive Web Maps with the JavaScript 'Leaflet'
Library},
	author = {Joe Cheng and Bhaskar Karambelkar and Yihui Xie},
	year = {2017},
	note = {R package version 1.1.0},
	url = {https://CRAN.R-project.org/package=leaflet},
}

@Manual{dplyr,
    title = {dplyr: A Grammar of Data Manipulation},
    author = {Hadley Wickham and Romain Francois and Lionel Henry and Kirill Müller},
    year = {2017},
    note = {R package version 0.7.4},
    url = {https://CRAN.R-project.org/package=dplyr},
}

@Manual{RMySQL,
    title = {RMySQL: Database Interface and 'MySQL' Driver for R},
    author = {Jeroen Ooms and David James and Saikat DebRoy and Hadley Wickham and Jeffrey Horner},
    year = {2017},
    note = {R package version 0.10.13},
    url = {https://CRAN.R-project.org/package=RMySQL},
}
